<record><leader>00000cas a2200000 a 4500</leader><controlfield tag="001">15560819</controlfield><controlfield tag="008">870421c19849999cau x m       0   a0eng c</controlfield><datafield ind1=" " ind2=" " tag="010"><subfield code="a">sn 90000007 </subfield></datafield><datafield ind1=" " ind2=" " tag="040"><subfield code="a">DTC</subfield><subfield code="b">eng</subfield><subfield code="c">DTC</subfield><subfield code="d">NSD</subfield><subfield code="d">HUL</subfield><subfield code="d">CUS</subfield><subfield code="d">OCL</subfield><subfield code="d">DLC</subfield><subfield code="d">CLU</subfield><subfield code="d">NSD</subfield><subfield code="d">OCLCQ</subfield><subfield code="d">GBVCP</subfield><subfield code="d">UKMGB</subfield><subfield code="d">OCLCQ</subfield></datafield><datafield ind1=" " ind2=" " tag="015"><subfield code="a">026071525</subfield><subfield code="2">dnb</subfield></datafield><datafield ind1="7" ind2=" " tag="016"><subfield code="a">2148106-4</subfield><subfield code="2">DE-600</subfield></datafield><datafield ind1="7" ind2=" " tag="016"><subfield code="a">011108348</subfield><subfield code="2">Uk</subfield></datafield><datafield ind1="7" ind2=" " tag="016"><subfield code="a">026071525</subfield><subfield code="2">DE-101</subfield></datafield><datafield ind1="0" ind2=" " tag="022"><subfield code="a">1048-1583</subfield><subfield code="l">1048-1583</subfield><subfield code="2">1</subfield></datafield><datafield ind1=" " ind2=" " tag="037"><subfield code="b">Berkeley Roundtable on the International Economy (BRIE), 2234 Piedmont Avenue, University of California, Berkeley Berkeley, CA 94720</subfield></datafield><datafield ind1=" " ind2=" " tag="042"><subfield code="a">nsdp</subfield><subfield code="a">pcc</subfield></datafield><datafield ind1="1" ind2="4" tag="050"><subfield code="a">HF1411</subfield><subfield code="b">.B14</subfield></datafield><datafield ind1="1" ind2="0" tag="082"><subfield code="a">337</subfield><subfield code="2">11</subfield></datafield><datafield ind1="0" ind2=" " tag="210"><subfield code="a">BRIE work. pap.</subfield></datafield><datafield ind1=" " ind2="0" tag="222"><subfield code="a">BRIE working paper</subfield></datafield><datafield ind1="0" ind2="0" tag="245"><subfield code="a">BRIE working paper.</subfield></datafield><datafield ind1="1" ind2="3" tag="246"><subfield code="a">BRIE working papers</subfield></datafield><datafield ind1="1" ind2="3" tag="246"><subfield code="a">Working paper</subfield></datafield><datafield ind1="3" ind2=" " tag="246"><subfield code="a">Berkeley Roundtable on the International Economy working paper</subfield></datafield><datafield ind1=" " ind2=" " tag="260"><subfield code="a">Berkeley, Calif :</subfield><subfield code="b">Berkeley Roundtable on the International Economy, University of California,</subfield><subfield code="c">1984-</subfield></datafield><datafield ind1=" " ind2=" " tag="300"><subfield code="a">v. ;</subfield><subfield code="c">28 cm.</subfield></datafield><datafield ind1=" " ind2=" " tag="310"><subfield code="a">Irregular</subfield></datafield><datafield ind1="0" ind2=" " tag="362"><subfield code="a">No. 1-</subfield></datafield><datafield ind1=" " ind2=" " tag="530"><subfield code="a">Some issues also online.</subfield></datafield><datafield ind1=" " ind2=" " tag="588"><subfield code="a">Latest issue consulted: 176, published Nov. 2006 (surrogate).</subfield></datafield><datafield ind1=" " ind2="0" tag="650"><subfield code="a">International economic relations.</subfield></datafield><datafield ind1=" " ind2="0" tag="650"><subfield code="a">Economic development.</subfield></datafield><datafield ind1="2" ind2=" " tag="710"><subfield code="a">Berkeley Roundtable on the International Economy.</subfield></datafield><datafield ind1="1" ind2=" " tag="776"><subfield code="t">BRIE working paper (Online)</subfield><subfield code="x">1936-2943</subfield><subfield code="w">(DLC)  2004202531</subfield><subfield code="w">(OCoLC)56140462</subfield></datafield><datafield ind1="4" ind2="1" tag="856"><subfield code="u">http://bibpurl.oclc.org/web/13809</subfield><subfield code="u">http://brie.berkeley.edu/%7Ebriewww/publications/working_papers.html</subfield></datafield><datafield ind1="1" ind2=" " tag="029"><subfield code="a">AU@</subfield><subfield code="b">000007034098</subfield></datafield><datafield ind1="1" ind2=" " tag="029"><subfield code="a">GBVCP</subfield><subfield code="b">388511575</subfield></datafield></record>